@article{Kirwan2017,
   author = {Kirwan, J.},
   title = {It’s good to have lots of bad ideas},
   journal = {Nature},
   volume = {548},
   pages = {491},
   DOI = {10.1038/nj7668-491a},
   year = {2017},
   type = {Journal Article}
}

@article{Aarssen1997,
   author = {Aarssen, L.W.},
   title = {On the progress of ecology.},
   journal = {Oikos},
   volume = {80},
   number = {1},
   pages = {177-178},
   year = {1997},
   type = {Journal Article}
}

@article{Aarssen1999,
   author = {Aarssen, L.W.},
   title = {Progress drive from progress pride.},
   journal = {Oikos},
   volume = {85},
   number = {2},
   pages = {375-376},
   year = {1999},
   type = {Journal Article}
}

@article{Runco2012,
   author = {Runco, M.A. and Jaeger, G.J.},
   title = {The standard definition of creativity.},
   journal = {Creativity Research Journal},
   volume = {24},
   pages = {92-96},
   year = {2012},
   type = {Journal Article}
}

@article{Weiner1999,
   author = {Weiner, J.},
   title = {On self-criticism in ecology.},
   journal = {Oikos},
   volume = {85},
   number = {2},
   pages = {373-374},
   year = {1999},
   type = {Journal Article}
}

@article{Aarssen2012,
   author = {Aarssen, L.W.},
   title = {Are peer-review filters optimal for the progress of science in ecology and evolution?},
   journal = {Ideas in Ecology & Evolution},
   volume = {5},
   pages = {9-12},
   year = {2012},
   type = {Journal Article}
}

@article{Brandt2014,
   author = {Brandt, Mark J. and Ijzerman, Hans and Dijksterhuis, Ap and Farach, Frank J. and Geller, Jason and Giner-Sorolla, Roger and Grange, James A. and Perugini, Marco and Spies, Jeffrey R. and van 't Veer, Anna},
   title = {The Replication Recipe: What makes for a convincing replication?},
   journal = {Journal of Experimental Social Psychology},
   volume = {50},
   pages = {217-224},
   ISSN = {0022-1031},
   DOI = {http://dx.doi.org/10.1016/j.jesp.2013.10.005},
   url = {http://www.sciencedirect.com/science/article/pii/S0022103113001819},
   year = {2014},
   type = {Journal Article}
}

@article{Mulkay1986,
   author = {Mulkay, Michael and Gilbert, G. Nigel},
   title = {Replication and Mere Replication},
   journal = {Philosophy of the Social Sciences},
   volume = {16},
   number = {1},
   pages = {21-37},
   ISSN = {0048-3931},
   DOI = {10.1177/004839318601600102},
   url = {http://dx.doi.org/10.1177/004839318601600102},
   year = {1986},
   type = {Journal Article}
}

@article{Kazic2015,
   author = {Kazic, Toni},
   title = {Ten Simple Rules for Experiments’ Provenance},
   journal = {PLoS Comput Biol},
   volume = {11},
   number = {10},
   pages = {e1004384},
   DOI = {10.1371/journal.pcbi.1004384},
   url = {http://dx.doi.org/10.1371%2Fjournal.pcbi.1004384},
   year = {2015},
   type = {Journal Article}
}

@article{Grime1993,
   author = {Grime, J.P.},
   title = {Ecology sans frontieres.},
   journal = {Oikos},
   volume = {68},
   pages = {385-392},
   year = {1993},
   type = {Journal Article}
}

@article{Weiner1995,
   author = {Weiner, J.},
   title = {On the practice of ecology.},
   journal = {Journal of Ecology},
   volume = {83},
   pages = {153-158},
   year = {1995},
   type = {Journal Article}
}

@article{Powell2016,
   author = {Powell, K.},
   title = {The waiting vame},
   journal = {Nature},
   volume = {530},
   pages = {148-151},
   year = {2016},
   type = {Journal Article}
}

@book{Zeller1980,
   author = {Zeller, R.A. and Carmines, E.G.},
   title = {Measurement in the social sciences. The link between theory and data.},
   publisher = {Cambridge University Press},
   address = {New York},
   year = {1980},
   type = {Book}
}


@article{Lortie2014,
   author = {Lortie, C. J.},
   title = {Formalized synthesis opportunities for ecology: systematic reviews and meta-analyses},
   journal = {Oikos},
   volume = {123},
   pages = {897-902},
   year = {2014},
   type = {Journal Article}
}







